<record xmlns='http://www.loc.gov/MARC21/slim'><leader>00997ntm a2200301 i 4500</leader><controlfield tag='001'>991058290271106011</controlfield><controlfield tag='005'>20220413123658.0</controlfield><controlfield tag='008'>220325s1666    enk           000 0 eng d</controlfield><datafield ind1=' ' ind2=' ' tag='035'><subfield code='a'>(OCoLC)1305512089h</subfield></datafield><datafield ind1=' ' ind2=' ' tag='035'><subfield code='a'>(OCoLC)on1305512089h</subfield></datafield><datafield ind1=' ' ind2=' ' tag='040'><subfield code='a'>HRH</subfield><subfield code='b'>eng</subfield><subfield code='e'>dcrmmss</subfield><subfield code='c'>HRH</subfield></datafield><datafield ind1=' ' ind2=' ' tag='041'><subfield code='a'>eng</subfield></datafield><datafield ind1=' ' ind2=' ' tag='049'><subfield code='a'>HRHH</subfield></datafield><datafield ind1=' ' ind2='9' tag='099'><subfield code='a'>MS 3327, Container 232</subfield></datafield><datafield ind1='1' ind2=' ' tag='100'><subfield code='a'>Moore, Thomas,</subfield><subfield code='e'>author.</subfield></datafield><datafield ind1='1' ind2='0' tag='245'><subfield code='a'>Will of Thomas Moore in verse</subfield><subfield code='k'>manuscript.</subfield></datafield><datafield ind1=' ' ind2='0' tag='264'><subfield code='a'>Canturbury ;</subfield><subfield code='c'>2 Nov. 1666</subfield></datafield><datafield ind1=' ' ind2=' ' tag='300'><subfield code='a'>1 volume (9 leaves) ;</subfield><subfield code='c'>37 x 29 cm</subfield></datafield><datafield ind1=' ' ind2=' ' tag='500'><subfield code='a'>Title devised by cataloger.</subfield></datafield><datafield ind1=' ' ind2=' ' tag='500'><subfield code='a'>Leaves paginated in same hand as body of text.</subfield></datafield><datafield ind1=' ' ind2=' ' tag='590'><subfield code='a'>MS 3327, Container 232: Binding: Parchment tie at head.</subfield></datafield><datafield ind1=' ' ind2='7' tag='655'><subfield code='a'>Wills.</subfield><subfield code='2'>aat</subfield></datafield><datafield ind1='1' ind2=' ' tag='700'><subfield code='a'>Cottle, Marcus,</subfield><subfield code='e'>signer.</subfield></datafield><datafield ind1='2' ind2=' ' tag='791'><subfield code='a'>Medieval and Early Modern Manuscripts Collection.</subfield></datafield><datafield ind1=' ' ind2=' ' tag='942'><subfield code='a'>19-09-008-P</subfield><subfield code='b'>MS 3327, Container 232</subfield></datafield><datafield ind1=' ' ind2=' ' tag='945'><subfield code='a'>blw</subfield></datafield><datafield ind1='2' ind2=' ' tag='979'><subfield code='a'>Medieval and Early Modern Manuscripts Collection.</subfield></datafield><datafield ind1=' ' ind2=' ' tag='994'><subfield code='a'>C0</subfield><subfield code='b'>HRH</subfield></datafield></record>
